%----------------------------------------------------------------------------------
% Exemplo do uso dos estilos bibliográficos tcc-{alpha,num}.bst.
% Veja o arquivo tcc.cls para mais detalhes e instruções.
%----------------------------------------------------------------------------------

-- Atenção! Sempre confira as entradas BibTeX copiadas de
bibliotecas digitais, pois muitas vezes as mesmas possuem o
formato incorreto, ou falta alguma informação necessária para
a referência.


-- Exemplos de referências a sites da Internet



@article{baron1969note,
	title={A note on the historical development of logic diagrams: Leibniz, Euler and Venn},
	author={Baron, Margaret E},
	journal={The mathematical gazette},
	volume={53},
	number={384},
	pages={113--125},
	year={1969},
	publisher={Cambridge University Press}
}


